COULOURIS, George et al. Sistemas distribu√≠dos: conceitos e projeto. 5. ed. Porto Alegre: Bookman, 2013. ISBN 978-85-8260-054-2.